@article{brumley2005remote,
  title={Remote timing attacks are practical},
  author={Brumley, David and Boneh, Dan},
  journal={Computer Networks},
  volume={48},
  number={5},
  pages={701--716},
  year={2005},
  publisher={Elsevier}
}

@article{genkin2013rsa,
  title={{RSA} Key Extraction via Low-Bandwidth Acoustic Cryptanalysis.},
  author={Genkin, Daniel and Shamir, Adi and Tromer, Eran},
  journal={IACR Cryptology ePrint Archive},
  volume={2013},
  pages={857},
  year={2013}
}

@inproceedings{song2001timing,
  title={Timing Analysis of Keystrokes and Timing Attacks on {SSH}.},
  author={Song, Dawn Xiaodong and Wagner, David and Tian, Xuqing},
  booktitle={USENIX Security Symposium},
  year={2001}
}

@incollection{aciiccmez2006cache,
  title={Cache based remote timing attack on the {AES}},
  author={Ac{\i}i{\c{c}}mez, Onur and Schindler, Werner and Ko{\c{c}}, {\c{C}}etin K},
  booktitle={Topics in Cryptology--CT-RSA 2007},
  pages={271--286},
  year={2006},
  publisher={Springer}
}

@incollection{weiss2012cache,
  title={A cache timing attack on {AES} in virtualization environments},
  author={Wei{\ss}, Michael and Heinz, Benedikt and Stumpf, Frederic},
  booktitle={Financial Cryptography and Data Security},
  pages={314--328},
  year={2012},
  publisher={Springer}
}

@misc{bernstein2005cache,
  title={Cache-timing attacks on {AES}},
  author={Bernstein, Daniel J},
  year={2005}
}

@incollection{osvik2006cache,
  title={Cache attacks and countermeasures: the case of {AES}},
  author={Osvik, Dag Arne and Shamir, Adi and Tromer, Eran},
  booktitle={Topics in Cryptology--CT-RSA 2006},
  pages={1--20},
  year={2006},
  publisher={Springer}
}

@article{gluck2013breach,
  title={{BREACH}: Reviving The Crime Attack},
  author={Gluck, Yoel and Harris, Neal and Prado, Angelo},
  journal={Online at \url{http://breachattack.com/resources/BREACH%20-%20SSL,%20gone%20in%2030%20seconds.pdf}},
  year={2013}
}


@inproceedings{messerges1999power,
  title={Power analysis attacks of modular exponentiation in smartcards},
  author={Messerges, Thomas S and Dabbish, Ezzy A and Sloan, Robert H},
  booktitle={Cryptographic Hardware and Embedded Systems},
  pages={144--157},
  year={1999},
  organization={Springer}
}


@article{yarom2013flush,
  title={{FLUSH+RELOAD}: a High Resolution, Low Noise, {L3} Cache Side-Channel Attack.},
  author={Yarom, Yuval and Falkner, Katrina E},
  journal={IACR Cryptology ePrint Archive},
  volume={2013},
  pages={448},
  year={2013}
}

@misc{hornby2013flush,
  title = {FLUSH+RELOAD: Multi-User Systems are Doomed},
  howpublished = {\url{https://defuse.ca/flush-reload-side-channel.htm}},
  note = {Accessed: 2014-09-19},
  author={Hornby, Taylor}
}

% NOTE: This one is not published yet. Update the information when it is.
@article{genkin2014get,
  title={Get Your Hands Off My Laptop: Physical Side-Channel Key-Extraction Attacks On {PCs}},
  author={Genkin, Daniel and Pipman, Itamar and Tromer, Eran},
  year={2014}
}

@article{yarom2014recovering,
  title={Recovering {OpenSSL} {ECDSA} Nonces Using the {FLUSH+RELOAD} Cache Side-channel Attack.},
  author={Yarom, Yuval and Benger, Naomi},
  journal={IACR Cryptology ePrint Archive},
  volume={2014},
  pages={140},
  year={2014}
}

@incollection{kelsey1998side,
  title={Side channel cryptanalysis of product ciphers},
  author={Kelsey, John and Schneier, Bruce and Wagner, David and Hall, Chris},
  booktitle={Computer Security--ESORICS 98},
  pages={97--110},
  year={1998},
  publisher={Springer}
}

% ---- NEW ONES ----

@inproceedings{backes2010acoustic,
  title={Acoustic Side-Channel Attacks on Printers.},
  author={Backes, Michael and D{\"u}rmuth, Markus and Gerling, Sebastian and Pinkal, Manfred and Sporleder, Caroline},
  booktitle={USENIX Security Symposium},
  pages={307--322},
  year={2010}
}

@inproceedings{bortz2007exposing,
  title={Exposing private information by timing web applications},
  author={Bortz, Andrew and Boneh, Dan},
  booktitle={Proceedings of the 16th international conference on World Wide Web},
  pages={621--628},
  year={2007},
  organization={ACM}
}

@inproceedings{cai2012practicality,
 author = {Cai, Liang and Chen, Hao},
 title = {On the Practicality of Motion Based Keystroke Inference Attack},
 booktitle = {Proceedings of the 5th International Conference on Trust and Trustworthy Computing},
 series = {TRUST'12},
 year = {2012},
 isbn = {978-3-642-30920-5},
 location = {Vienna, Austria},
 pages = {273--290},
 numpages = {18},
 url = {http://dx.doi.org/10.1007/978-3-642-30921-2_16},
 doi = {10.1007/978-3-642-30921-2_16},
 acmid = {2368385},
 publisher = {Springer-Verlag},
 address = {Berlin, Heidelberg},
} 

@inproceedings{chapman2011automated,
  title={Automated black-box detection of side-channel vulnerabilities in web applications},
  author={Chapman, Peter and Evans, David},
  booktitle={Proceedings of the 18th ACM conference on Computer and communications security},
  pages={263--274},
  year={2011},
  organization={ACM}
}

@inproceedings{chen2010side,
  title={Side-channel leaks in web applications: A reality today, a challenge tomorrow},
  author={Chen, Shuo and Wang, Rui and Wang, XiaoFeng and Zhang, Kehuan},
  booktitle={2010 IEEE Symposium on Security and Privacy},
  pages={191--206},
  year={2010},
  organization={IEEE}
}

@inproceedings{chen2014peeking,
  title={Peeking into your app without actually seeing it: {UI} state inference and novel android attacks},
  author={Chen, Qi Alfred and Qian, Zhiyun and Mao, Z Morley},
  booktitle={Proceedings of the 23rd USENIX conference on Security Symposium},
  pages={1037--1052},
  year={2014},
  organization={USENIX Association}
}

@incollection{chou2013unsupervised,
  title={An unsupervised learning model to perform side channel attack},
  author={Chou, Jung-Wei and Chu, Min-Huang and Tsai, Yi-Lin and Jin, Yun and Cheng, Chen-Mou and Lin, Shou-De},
  booktitle={Advances in Knowledge Discovery and Data Mining},
  pages={414--425},
  year={2013},
  publisher={Springer}
}

@article{demme2012side,
  title={Side-channel vulnerability factor: a metric for measuring information leakage},
  author={Demme, John and Martin, Robert and Waksman, Adam and Sethumadhavan, Simha},
  journal={ACM SIGARCH Computer Architecture News},
  volume={40},
  number={3},
  pages={106--117},
  year={2012},
  publisher={ACM}
}

@article{doget2011univariate,
  title={Univariate side channel attacks and leakage modeling},
  author={Doget, Julien and Prouff, Emmanuel and Rivain, Matthieu and Standaert, Fran{\c{c}}ois-Xavier},
  journal={Journal of Cryptographic Engineering},
  volume={1},
  number={2},
  pages={123--144},
  year={2011},
  publisher={Springer}
}

@inproceedings{futoransky2007nd2db,
  title={The {ND2DB} Attack: Database Content Extraction Using Timing Attacks on the Indexing Algorithms.},
  author={Futoransky, Ariel and Saura, Dami{\'a}n and Waissbein, Ariel},
  booktitle={WOOT},
  year={2007}
}

@inproceedings{hlavacs2011energy,
  title={Energy consumption side-channel attack at virtual machines in a cloud},
  author={Hlavacs, Helmut and Treutner, Thomas and Gelas, J-P and Lefevre, Laurent and Orgerie, A-C},
  booktitle={Dependable, Autonomic and Secure Computing (DASC), 2011 IEEE Ninth International Conference on},
  pages={605--612},
  year={2011},
  organization={IEEE}
}

@inproceedings{ho2014tick,
  title={Tick tock: building browser red pills from timing side channels},
  author={Ho, Grant and Boneh, Dan and Ballard, Lucas and Provos, Niels},
  booktitle={Proceedings of the 8th USENIX conference on Offensive Technologies},
  pages={2--2},
  year={2014},
  organization={USENIX Association}
}

@inproceedings{jha2013scan,
  title={Scan based side channel attack on Grain v1},
  author={Jha, Sonu Kumar},
  booktitle={Information Security and Cryptology (ISCISC), 2013 10th International ISC Conference on},
  pages={1--4},
  year={2013},
  organization={IEEE}
}

@inproceedings{ling2011novel,
  title={A novel packet size based covert channel attack against anonymizer},
  author={Ling, Zhen and Fu, Xinwen and Jia, Weijia and Yu, Wei and Xuan, Dong},
  booktitle={INFOCOM, 2011 Proceedings IEEE},
  pages={186--190},
  year={2011},
  organization={IEEE}
}

@article{meyer2014revisiting,
  title={Revisiting {SSL/TLS} implementations: new Bleichenbacher side channels and attacks},
  author={Meyer, Christopher and Somorovsky, Juraj and Weiss, Eugen and Schwenk, Joerg and Schinzel, Sebastian and Tews, Erik},
  journal={Wird noch ver{\"o}ffentlicht},
  year={2014}
}

@inproceedings{owusu2012accessory,
  title={{ACCessory:} password inference using accelerometers on smartphones},
  author={Owusu, Emmanuel and Han, Jun and Das, Sauvik and Perrig, Adrian and Zhang, Joy},
  booktitle={Proceedings of the Twelfth Workshop on Mobile Computing Systems \& Applications},
  pages={9},
  year={2012},
  organization={ACM}
}

@incollection{roche2011combined,
  title={Combined fault and side-channel attack on protected implementations of {AES}},
  author={Roche, Thomas and Lomn{\'e}, Victor and Khalfallah, Karim},
  booktitle={Smart Card Research and Advanced Applications},
  pages={65--83},
  year={2011},
  publisher={Springer}
}

@inproceedings{suzaki2011memory,
  title={Memory deduplication as a threat to the guest {OS}},
  author={Suzaki, Kuniyasu and Iijima, Kengo and Yagi, Toshiki and Artho, Cyrille},
  booktitle={Proceedings of the Fourth European Workshop on System Security},
  pages={1},
  year={2011},
  organization={ACM}
}

@incollection{thillard2013success,
  title={Success through confidence: Evaluating the effectiveness of a side-channel attack},
  author={Thillard, Adrian and Prouff, Emmanuel and Roche, Thomas},
  booktitle={Cryptographic Hardware and Embedded Systems-CHES 2013},
  pages={21--36},
  year={2013},
  publisher={Springer}
}

@article{tromer2010efficient,
  title={Efficient cache attacks on {AES}, and countermeasures},
  author={Tromer, Eran and Osvik, Dag Arne and Shamir, Adi},
  journal={Journal of Cryptology},
  volume={23},
  number={1},
  pages={37--71},
  year={2010},
  publisher={Springer}
}

@incollection{veyrat2011generic,
  title={Generic side-channel distinguishers: Improvements and limitations},
  author={Veyrat-Charvillon, Nicolas and Standaert, Fran{\c{c}}ois-Xavier},
  booktitle={Advances in Cryptology--CRYPTO 2011},
  pages={354--372},
  year={2011},
  publisher={Springer}
}

@inproceedings{weinberg2011still,
  title={I still know what you visited last summer: Leaking browsing history via user interaction and side channel attacks},
  author={Weinberg, Zachary and Chen, Eric Yawei and Jayaraman, Pavithra Ramesh and Jackson, Collin},
  booktitle={2011 IEEE Symposium on Security and Privacy},
  pages={147--161},
  year={2011},
  organization={IEEE}
}

@inproceedings{wu2012whispers,
  title={Whispers in the Hyper-space: High-speed Covert Channel Attacks in the Cloud.},
  author={Wu, Zhenyu and Xu, Zhang and Wang, Haining},
  booktitle={USENIX Security Symposium},
  pages={159--173},
  year={2012}
}

@inproceedings{xu2011exploration,
  title={An exploration of {L2} cache covert channels in virtualized environments},
  author={Xu, Yunjing and Bailey, Michael and Jahanian, Farnam and Joshi, Kaustubh and Hiltunen, Matti and Schlichting, Richard},
  booktitle={Proceedings of the 3rd ACM workshop on Cloud computing security workshop},
  pages={29--40},
  year={2011},
  organization={ACM}
}

@article{moraila2013measuring,
  title={Measuring Reproducibility in Computer Systems Research},
  author={Moraila, Gina and Shankaran, Akash and Shi, Zuoming and Warren, Alex M},
  year={2013}
}

@inproceedings{sun2002statistical,
  title={Statistical identification of encrypted web browsing traffic},
  author={Sun, Qixiang and Simon, Daniel R and Wang, Yi-Min and Russell, Wilf and Padmanabhan, Venkata N and Qiu, Lili},
  booktitle={2002 IEEE Symposium on Security and Privacy. Proceedings.},
  pages={19--30},
  year={2002},
  organization={IEEE}
}

@inproceedings{saponas2007devices,
  title={Devices That Tell on You: Privacy Trends in Consumer Ubiquitous Computing.},
  author={Saponas, T Scott and Lester, Jonathan and Hartung, Carl and Agarwal, Sameer and Kohno, Tadayoshi and others},
  booktitle={Usenix Security},
  volume={3},
  number={3.6},
  pages={3},
  year={2007}
}

@article{zhang2009peeping,
  title={Peeping {Tom} in the neighborhood: keystroke eavesdropping on multi-user systems},
  author={Zhang, Kehuan and Wang, XiaoFeng},
  journal={{USENIX} Security Symposium, 2009},
  volume={20},
  pages={23},
  year={2009}
}

% TODO: Download this one, at UofC it's behind a paywall.
@inproceedings{ristenpart2009hey,
  title={Hey, you, get off of my cloud: exploring information leakage in third-party compute clouds},
  author={Ristenpart, Thomas and Tromer, Eran and Shacham, Hovav and Savage, Stefan},
  booktitle={Proceedings of the 16th ACM conference on Computer and communications security},
  pages={199--212},
  year={2009},
  organization={ACM}
}

% TODO: This one too.
@inproceedings{wright2008spot,
  title={Spot me if you can: Uncovering spoken phrases in encrypted VoIP conversations},
  author={Wright, Charles V and Ballard, Lucas and Coull, Scott E and Monrose, Fabian and Masson, Gerald M},
  booktitle={IEEE Symposium on Security and Privacy. SP 2008.},
  pages={35--49},
  year={2008},
  organization={IEEE}
}

@article{benger2014ooh,
  title={``{Ooh} Aah... Just a Little Bit'': A small amount of side channel can go a long way.},
  author={Benger, Naomi and van de Pol, Joop and Smart, Nigel P and Yarom, Yuval},
  journal={IACR Cryptology ePrint Archive},
  volume={2014},
  pages={161},
  year={2014}
}

@article{vanjust,
  title={Just a Little Bit More},
  author={van de Pol, Joop and Smart, Nigel P and Yarom, Yuval},
  year={2014},
  journal={IACR Cryptology ePrint Archive},
}

@inproceedings{hund2013practical,
  title={Practical timing side channel attacks against kernel space {ASLR}},
  author={Hund, Ralf and Willems, Carsten and Holz, Thorsten},
  booktitle={2013 IEEE Symposium on Security and Privacy},
  pages={191--205},
  year={2013},
  organization={IEEE}
}


@inproceedings{gullasch2011cache,
  title={Cache games--bringing access-based cache attacks on {AES} to practice},
  author={Gullasch, David and Bangerter, Endre and Krenn, Stephan},
  booktitle={2011 IEEE Symposium on Security and Privacy},
  pages={490--505},
  year={2011},
  organization={IEEE}
}

@inproceedings{white2011phonotactic,
  title={Phonotactic reconstruction of encrypted {VoIP} conversations: Hookt on fon-iks},
  author={White, Andrew M and Matthews, Austin R and Snow, Kevin Z and Monrose, Fabian},
  booktitle={2011 {IEEE} Symposium on Security and Privacy ({SP})},
  pages={3--18},
  year={2011},
  organization={IEEE}
}

@inproceedings{kadloor2010low,
  title={Low-cost side channel remote traffic analysis attack in packet networks},
  author={Kadloor, Sachin and Gong, Xun and Kiyavash, Negar and Tezcan, Tolga and Borisov, Nikita},
  booktitle={2010 IEEE International Conference on Communications (ICC)},
  pages={1--5},
  year={2010},
  organization={IEEE}
}


@inproceedings{duong2012crime,
  title={The {CRIME} attack},
  author={Duong, Thai and Rizzo, Juliano},
  booktitle={Presentation at ekoparty Security Conference},
  year={2012}
}

@misc{wikitop2013,
  title = {Most viewed articles on {Wikipedia} 2013},
  howpublished = {\url{https://web.archive.org/web/20141215053145/http://tools.wmflabs.org/wikitrends/2013.html}},
  note = {Accessed: 2015-01-19},
}

@inproceedings{levenshtein1966binary,
  title={Binary codes capable of correcting deletions, insertions and reversals},
  author={Levenshtein, Vladimir I},
  booktitle={Soviet physics doklady},
  volume={10},
  pages={707},
  year={1966}
}

@inproceedings{xiao2013security,
  title={Security implications of memory deduplication in a virtualized environment},
  author={Xiao, Jidong and Xu, Zhang and Huang, Hai and Wang, Haining},
  booktitle={Dependable Systems and Networks ({DSN}), 2013 43rd Annual {IEEE}/{IFIP} International Conference on},
  pages={1--12},
  year={2013},
  organization={IEEE}
}
