@article{brumley2005remote,
  title={Remote timing attacks are practical},
  author={Brumley, David and Boneh, Dan},
  journal={Computer Networks},
  volume={48},
  number={5},
  pages={701--716},
  year={2005},
  publisher={Elsevier}
}

@article{genkin2013rsa,
  title={RSA Key Extraction via Low-Bandwidth Acoustic Cryptanalysis.},
  author={Genkin, Daniel and Shamir, Adi and Tromer, Eran},
  journal={IACR Cryptology ePrint Archive},
  volume={2013},
  pages={857},
  year={2013}
}

@inproceedings{song2001timing,
  title={Timing Analysis of Keystrokes and Timing Attacks on SSH.},
  author={Song, Dawn Xiaodong and Wagner, David and Tian, Xuqing},
  booktitle={USENIX Security Symposium},
  volume={2001},
  year={2001}
}

@incollection{aciiccmez2006cache,
  title={Cache based remote timing attack on the AES},
  author={Ac{\i}i{\c{c}}mez, Onur and Schindler, Werner and Ko{\c{c}}, {\c{C}}etin K},
  booktitle={Topics in Cryptology--CT-RSA 2007},
  pages={271--286},
  year={2006},
  publisher={Springer}
}

@incollection{weiss2012cache,
  title={A cache timing attack on AES in virtualization environments},
  author={Wei{\ss}, Michael and Heinz, Benedikt and Stumpf, Frederic},
  booktitle={Financial Cryptography and Data Security},
  pages={314--328},
  year={2012},
  publisher={Springer}
}

@misc{bernstein2005cache,
  title={Cache-timing attacks on AES},
  author={Bernstein, Daniel J},
  year={2005}
}

@incollection{osvik2006cache,
  title={Cache attacks and countermeasures: the case of AES},
  author={Osvik, Dag Arne and Shamir, Adi and Tromer, Eran},
  booktitle={Topics in Cryptology--CT-RSA 2006},
  pages={1--20},
  year={2006},
  publisher={Springer}
}

@article{gluck2013breach,
  title={BREACH: Reviving The Crime Attack},
  author={Gluck, Yoel and Harris, Neal and Prado, Angelo {\'A}ngel},
  journal={Online at http://breachattack. com/resources/BREACH\% 20-\% 20SSL,\% 20gone\% 20in\% 2030\% 20seconds. pdf},
  year={2013}
}

@inproceedings{messerges1999power,
  title={Power analysis attacks of modular exponentiation in smartcards},
  author={Messerges, Thomas S and Dabbish, Ezzy A and Sloan, Robert H},
  booktitle={Cryptographic Hardware and Embedded Systems},
  pages={144--157},
  year={1999},
  organization={Springer}
}


@article{yarom2013flush,
  title={Flush+ Reload: a High Resolution, Low Noise, L3 Cache Side-Channel Attack.},
  author={Yarom, Yuval and Falkner, Katrina E},
  journal={IACR Cryptology ePrint Archive},
  volume={2013},
  pages={448},
  year={2013}
}

@misc{hornby2013flush,
  title = {FLUSH+RELOAD: Multi-User Systems are Doomed},
  howpublished = {\url{https://defuse.ca/flush-reload-side-channel.htm}},
  note = {Accessed: 2014-09-19},
  author={Hornby, Taylor}
}

% NOTE: This one is not published yet. Update the information when it is.
@article{genkin2014get,
  title={Get Your Hands Off My Laptop: Physical Side-Channel Key-Extraction Attacks On PCs},
  author={Genkin, Daniel and Pipman, Itamar and Tromer, Eran},
  year={2014}
}

@article{yarom2014recovering,
  title={Recovering OpenSSL ECDSA Nonces Using the FLUSH+ RELOAD Cache Side-channel Attack.},
  author={Yarom, Yuval and Benger, Naomi},
  journal={IACR Cryptology ePrint Archive},
  volume={2014},
  pages={140},
  year={2014}
}
