# Naming convention: <Author><Year><Topic>

# Dummy citation for testing (latex complains when the bibliography is empty).
@inproceedings{Pappas2012SmashingGadgets,
 author = {Pappas, Vasilis and Polychronakis, Michalis and Keromytis, Angelos D.},
 title = {Smashing the Gadgets: Hindering Return-Oriented Programming Using In-place Code Randomization},
 booktitle = {Proceedings of the 2012 IEEE Symposium on Security and Privacy},
 series = {SP '12},
 year = {2012},
 isbn = {978-0-7695-4681-0},
 pages = {601--615},
 numpages = {15},
 url = {http://dx.doi.org/10.1109/SP.2012.41},
 doi = {10.1109/SP.2012.41},
 acmid = {2310681},
 publisher = {IEEE Computer Society},
 address = {Washington, DC, USA},
} 


